<?xml version="1.0" encoding="UTF-8"?><record xmlns="http://www.loc.gov/MARC21/slim" xmlns:cinclude="http://apache.org/cocoon/include/1.0" xmlns:zs="http://www.loc.gov/zing/srw/">
  <leader>00766cz  a2200181n  4500</leader>
  <controlfield tag="001">nr 94016758 </controlfield>
  <controlfield tag="003">DLC</controlfield>
  <controlfield tag="005">20080913081131.0</controlfield>
  <controlfield tag="008">940520nc acannaabn          |b ana     c</controlfield>
  <datafield tag="010" ind1=" " ind2=" ">
    <subfield code="a">nr 94016758 </subfield>
  </datafield>
  <datafield tag="035" ind1=" " ind2=" ">
    <subfield code="a">(OCoLC)oca03612973</subfield>
  </datafield>
  <datafield tag="040" ind1=" " ind2=" ">
    <subfield code="a">NjP</subfield>
    <subfield code="b">eng</subfield>
    <subfield code="c">NjP</subfield>
    <subfield code="d">DLC</subfield>
    <subfield code="d">OCoLC</subfield>
  </datafield>
  <datafield tag="110" ind1="1" ind2=" ">
    <subfield code="a">Jiangxi Sheng (China).</subfield>
    <subfield code="b">Cheng xiang jian she huan jing bao hu ting</subfield>
  </datafield>
  <datafield tag="410" ind1="2" ind2=" ">
    <subfield code="a">Jiangxi Sheng cheng xiang jian she huan jing bao hu ting</subfield>
  </datafield>
  <datafield tag="410" ind1="1" ind2=" ">
    <subfield code="a">Jiangxi Sheng (China).</subfield>
    <subfield code="b">城乡建设环境保护厅</subfield>
  </datafield>
  <datafield tag="667" ind1=" " ind2=" ">
    <subfield code="a">Machine-derived non-Latin script reference project.</subfield>
  </datafield>
  <datafield tag="667" ind1=" " ind2=" ">
    <subfield code="a">Non-Latin script reference not evaluated.</subfield>
  </datafield>
  <datafield tag="670" ind1=" " ind2=" ">
    <subfield code="a">Tang tai Chiang-hsi chʻeng shih chien she ... between 1987 and 1993:</subfield>
    <subfield code="b">t.p. (Chiang-hsi sheng chʻeng hsiang chien she huan ching pao hu tʻing)</subfield>
  </datafield>
</record>